@article{PhysRevLett.58.908,
  title = {Superconductivity at 93 K in a new mixed-phase Y-Ba-Cu-O compound system at ambient pressure},
  author = {Wu, M. K. and Ashburn, J. R. and Torng, C. J. and Hor, P. H. and Meng, R. L. and Gao, L. and Huang, Z. J. and Wang, Y. Q. and Chu, C. W.},
  journal = {Phys. Rev. Lett.},
  volume = {58},
  issue = {9},
  pages = {908--910},
  numpages = {0},
  year = {1987},
  month = {Mar},
  publisher = {American Physical Society},
  doi = {10.1103/PhysRevLett.58.908},
  url = {https://link.aps.org/doi/10.1103/PhysRevLett.58.908}
}

@incollection{IEEEPiezo,
  title = {IEEE standard on piezoelectricity},
  author = {ANSI/IEEE},
  chapter={2},
  volume={176-1987},
  year = {1987},
  language={english}
}

@misc{miller,
  author = { N. Tran, Robert Stuart, Hardik Bhavsar},
  title = {Phototransistor Switching Time Analysis},
  howpublished = "\url{http://www.cel.com/pdf/appnotes/an3009.pdf}",
  year = {2009},
  note = "[Online; accessed 12-July-2017]"
}

@misc{piezo,
  author = {Unknown},
  title = {Piezoelectric Materials},
  howpublished = "\url{http://ses.library.usyd.edu.au/bitstream/2123/709/17/adt-NU20060210.15574803chapter2.pdf}",
  note = "[Online; accessed 12-July-2017]"
}
